<?xml version="1.0" encoding="UTF-8"?><collection xmlns="http://www.loc.gov/MARC21/slim"><record><leader>00429nam--2200169-i-4500</leader><controlfield tag="001">000020568</controlfield><controlfield tag="002">20161230</controlfield><controlfield tag="005">20170125153347</controlfield><controlfield tag="008">060222s1000------------r-----000-0-eng-d</controlfield><datafield ind1=" " ind2=" " tag="080"><subfield code="a">543.422:541.64</subfield></datafield><datafield ind1=" " ind2=" " tag="100"><subfield code="a">Fedotov, V. D</subfield></datafield><datafield ind1=" " ind2=" " tag="245"><subfield code="a">Struktura i dinamika polimerov. Issledovania metodom iamr</subfield></datafield><datafield ind1=" " ind2=" " tag="260"><subfield code="a">Moscva</subfield><subfield code="b">Nauka</subfield><subfield code="c">1992</subfield></datafield><datafield ind1=" " ind2=" " tag="300"><subfield code="a">207 p</subfield></datafield><datafield ind1=" " ind2=" " tag="700"><subfield code="a">Snaider, H</subfield></datafield><datafield ind1=" " ind2=" " tag="852"><subfield code="a">80434</subfield></datafield><datafield ind1=" " ind2=" " tag="CAT"><subfield code="a">SYS</subfield><subfield code="c">20170125</subfield><subfield code="h">153347</subfield></datafield></record></collection>